@article{abramoff2010retinal,
  title={Retinal imaging and image analysis},
  author={Abr{\`a}moff, Michael D and Garvin, Mona K and Sonka, Milan},
  journal={Biomedical Engineering, IEEE Reviews in},
  volume={3},
  pages={169--208},
  year={2010},
  publisher={IEEE}
}
@article{fraz2012blood,
  title={Blood vessel segmentation methodologies in retinal images--a survey},
  author={Fraz, Muhammad Moazam and Remagnino, Paolo and Hoppe, Andreas and Uyyanonvara, Bunyarit and Rudnicka, Alicja R and Owen, Christopher G and Barman, Sarah A},
  journal={Computer methods and programs in biomedicine},
  volume={108},
  number={1},
  pages={407--433},
  year={2012},
  publisher={Elsevier}
}
@inproceedings{perez2011improving,
  title={Improving vessel segmentation in ultra-wide field-of-view retinal fluorescein angiograms},
  author={Perez-Rovira, A and Zutis, K and Hubschman, JP and Trucco, E},
  booktitle={Engineering in Medicine and Biology Society, EMBC, 2011 Annual International Conference of the IEEE},
  pages={2614--2617},
  year={2011},
  organization={IEEE}
}
@article{marin2011new,
  title={A new supervised method for blood vessel segmentation in retinal images by using gray-level and moment invariants-based features},
  author={Mar{\'\i}n, Diego and Aquino, Arturo and Geg{\'u}ndez-Arias, Manuel Emilio and Bravo, Jos{\'e} Manuel},
  journal={Medical Imaging, IEEE Transactions on},
  volume={30},
  number={1},
  pages={146--158},
  year={2011},
  publisher={IEEE}
}
@article{zhao2015retinal,
  title={Retinal vessel segmentation: An efficient graph cut approach with retinex and local phase},
  author={Zhao, Yitian and Liu, Yonghuai and Wu, Xiangqian and Harding, Simon P and Zheng, Yalin},
  journal={PloS one},
  volume={10},
  number={4},
  pages={e0122332},
  year={2015},
  publisher={Public Library of Science}
}